23700000         223280084000160000000000000054508410169260000000269913  LAR S VICENTE PAULO PASSOS MG             BANCO BRADESCO SA          10808202217315800000108401600                                                                     
23700011R01  042 2023280084000160000000000000054508410169260000000269913 LAR S. VICENTE PAULO DE PASSOS                                                                                000000010808202200000000                                 
2370001300001P 010169260000000269913 00900000000013836114111220000000138361142008202200000000000050000000002A08082022221082022000000000000100000000000000000000000000000000000000000000000000000000                         3002   090000000000 
2370001300002Q 011000003259424636ANDREA AUGUSTO BRAZ                     RUA PENSILVANIA, 161                    RESIDENCIAL ELD37902209PASSOS/MG      MG0000000000000000                                        000                            
2370001300003R 01000000000000000000000000000000000000000000000000221082022000000000000200                                                                                                              00000000000000000000000000000000         
23700015         0000050000010000000000000000500000000000000000000000000000000000000000000000000000000000000000000000000000                                                                                                                     
23799999         000001000007000000                                                                                                                                                                                                             
