23700000         223280084000160000000000000055863270169260000000269913  LAR S VICENTE PAULO PASSOS MG             BANCO BRADESCO SA          11008202213465800000108401600                                                                     
23700011R01  042 2023280084000160000000000000055863270169260000000269913 LAR S. VICENTE PAULO DE PASSOS                                                                                000000011008202200000000                                 
2370001300001P 010169260000000269913 00400000000013836455111220000000138364551508202200000000000050000000002A10082022216082022000000000000100000000000000000000000000000000000000000000000000000000                         3002   090000000000 
2370001300002Q 011000046200983615EDSON LEMOS DA SILVA                    RUA ADOLPHO COELHO LEMOS, 35            SÃO FRANCISCO  37903365PASSOS/MG      MG0000000000000000                                        000                            
2370001300003R 01000000000000000000000000000000000000000000000000216082022000000000000200                                                                                                              00000000000000000000000000000000         
23700015         0000050000010000000000000000500000000000000000000000000000000000000000000000000000000000000000000000000000                                                                                                                     
23799999         000001000007000000                                                                                                                                                                                                             
